<record><leader>00000cas a22000007a 4500</leader><controlfield tag="001">19983663</controlfield><controlfield tag="008">890708d18791uuumouwr ne      0    0eng d</controlfield><datafield ind1=" " ind2=" " tag="010"><subfield code="a">sn 89066784 </subfield></datafield><datafield ind1=" " ind2=" " tag="040"><subfield code="a">MQN</subfield><subfield code="b">eng</subfield><subfield code="c">MQN</subfield><subfield code="d">DLC</subfield><subfield code="d">OCL</subfield><subfield code="d">OCLCQ</subfield></datafield><datafield ind1=" " ind2=" " tag="019"><subfield code="a">19972103</subfield></datafield><datafield ind1=" " ind2=" " tag="042"><subfield code="a">msc</subfield></datafield><datafield ind1="0" ind2="0" tag="245"><subfield code="a">Charleston enterprise.</subfield></datafield><datafield ind1=" " ind2=" " tag="260"><subfield code="a">Charleston, Mississippi Co., Mo. :</subfield><subfield code="b">G.W. Martin</subfield></datafield><datafield ind1=" " ind2=" " tag="300"><subfield code="a">v.</subfield></datafield><datafield ind1=" " ind2=" " tag="310"><subfield code="a">Weekly</subfield></datafield><datafield ind1="1" ind2=" " tag="362"><subfield code="a">Began in 1879.</subfield></datafield><datafield ind1=" " ind2=" " tag="580"><subfield code="a">Daily ed.: Daily enterprise (Charleston, Mo.), Oct. 6, 1891-&lt;Dec. 31, 1897&gt;.</subfield></datafield><datafield ind1=" " ind2=" " tag="588"><subfield code="a">Description based on: Vol. 5, no. 1 (July 29, 1879).</subfield></datafield><datafield ind1=" " ind2=" " tag="752"><subfield code="a">United States</subfield><subfield code="b">Missouri</subfield><subfield code="c">Mississippi</subfield><subfield code="d">Charleston.</subfield></datafield><datafield ind1="1" ind2=" " tag="775"><subfield code="t">Daily enterprise (Charleston, Mo.)</subfield><subfield code="w">(DLC)sn 89066782</subfield></datafield><datafield ind1="0" ind2="0" tag="780"><subfield code="t">Enterprise (Charleston, Mo.)</subfield><subfield code="w">(DLC)sn 89066783</subfield></datafield><datafield ind1="0" ind2="0" tag="785"><subfield code="t">Weekly enterprise (Charleston, Mo.)</subfield><subfield code="w">(DLC)sn 89066785</subfield></datafield></record>